<?xml version="1.0" encoding="UTF-8"?><collection xmlns="http://www.loc.gov/MARC21/slim"><record><leader>00688nam--2200205-u-4500</leader><controlfield tag="001">000052856</controlfield><controlfield tag="002">20161230</controlfield><controlfield tag="005">20161230201050</controlfield><controlfield tag="008">101123s1000------------r-----000-0-rus-d</controlfield><datafield ind1=" " ind2=" " tag="040"><subfield code="a">IFIN-HH</subfield></datafield><datafield ind1=" " ind2=" " tag="041"><subfield code="a">rus</subfield></datafield><datafield ind1=" " ind2=" " tag="080"><subfield code="a">535.375.54</subfield></datafield><datafield ind1="1" ind2=" " tag="100"><subfield code="a">Cardona, M</subfield></datafield><datafield ind1="1" ind2="0" tag="245"><subfield code="a">Rasseianie sveta v tverdih telah</subfield><subfield code="b">Vipusk ii. osnovnie poniatiia i metodi issledovaniia</subfield><subfield code="c">M. CARDONA; G. GUNTHERODT (Eds.)</subfield></datafield><datafield ind1=" " ind2=" " tag="260"><subfield code="a">Moskva</subfield><subfield code="b">Mir</subfield><subfield code="c">1984</subfield></datafield><datafield ind1=" " ind2=" " tag="300"><subfield code="a">328P</subfield></datafield><datafield ind1=" " ind2=" " tag="500"><subfield code="a">Titlul original in limba engleza: LIGHT SCATTERING IN SOLIDS II. BASIC CONCEPTS AND INSTRUMENTATION. TOPICS IN APPLIED PHYSICS. VOLUME 50</subfield></datafield><datafield ind1="1" ind2=" " tag="700"><subfield code="a">Guntherodt, G</subfield></datafield><datafield ind1=" " ind2=" " tag="852"><subfield code="a">47936</subfield><subfield code="c">535</subfield></datafield><datafield ind1=" " ind2=" " tag="CAT"><subfield code="a">Sys</subfield><subfield code="c">20101123</subfield><subfield code="h">144935</subfield></datafield></record></collection>